<record xmlns='http://www.loc.gov/MARC21/slim'><leader>01186cim a22003252u 4500</leader><controlfield tag='001'>3601231</controlfield><controlfield tag='005'>20151214182818.0</controlfield><controlfield tag='007'>ss|lmnjluz|nuu</controlfield><controlfield tag='008'>991101s1984    nyunnn         l    eng d</controlfield><datafield ind1=' ' ind2=' ' tag='035'><subfield code='a'>(NIC)notisASF8296</subfield></datafield><datafield ind1=' ' ind2=' ' tag='035'><subfield code='a'>3601231</subfield></datafield><datafield ind1=' ' ind2=' ' tag='035'><subfield code='a'>(OCoLC)63897260</subfield></datafield><datafield ind1=' ' ind2=' ' tag='040'><subfield code='a'>NIC</subfield><subfield code='c'>NIC</subfield><subfield code='d'>NIC</subfield><subfield code='d'>NIC</subfield></datafield><datafield ind1='1' ind2=' ' tag='100'><subfield code='a'>Anderson, Benedict R. O&apos;G.</subfield><subfield code='q'>(Benedict Richard O&apos;Gorman),</subfield><subfield code='d'>1936-2015.</subfield></datafield><datafield ind1='1' ind2='0' tag='245'><subfield code='a'>Language, literature, and national consciousness</subfield><subfield code='h'>[sound recording]</subfield></datafield><datafield ind1=' ' ind2=' ' tag='260'><subfield code='c'>1984.</subfield></datafield><datafield ind1=' ' ind2=' ' tag='300'><subfield code='a'>2 sound cassettes (110 min.) :</subfield><subfield code='b'>analog, mono.</subfield></datafield><datafield ind1=' ' ind2=' ' tag='500'><subfield code='a'>Recorded in Ithaca, NY by Cornell University.</subfield></datafield><datafield ind1=' ' ind2=' ' tag='518'><subfield code='a'>Panel, September 21, 1984.</subfield></datafield><datafield ind1=' ' ind2=' ' tag='520'><subfield code='a'>Panel members discuss the interrelationship between language, literature and nationalism.</subfield></datafield><datafield ind1=' ' ind2='0' tag='650'><subfield code='a'>Nationalism.</subfield></datafield><datafield ind1=' ' ind2='0' tag='650'><subfield code='a'>Language and languages</subfield><subfield code='x'>Political aspects.</subfield></datafield><datafield ind1=' ' ind2='7' tag='650'><subfield code='a'>Language and languages</subfield><subfield code='x'>Political aspects</subfield><subfield code='2'>fast</subfield><subfield code='0'>(OCoLC)fst00992197</subfield></datafield><datafield ind1=' ' ind2='7' tag='650'><subfield code='a'>Nationalism</subfield><subfield code='2'>fast</subfield><subfield code='0'>(OCoLC)fst01033832</subfield></datafield><datafield ind1='1' ind2=' ' tag='700'><subfield code='a'>Weiss, John Hubbel.</subfield></datafield><datafield ind1='1' ind2=' ' tag='700'><subfield code='a'>Kramnick, Isaac.</subfield></datafield><datafield ind1='1' ind2=' ' tag='700'><subfield code='a'>Cohen, Walter,</subfield><subfield code='d'>1949-</subfield></datafield><datafield ind1='1' ind2=' ' tag='899'><subfield code='a'>CULectures</subfield></datafield><datafield ind1=' ' ind2=' ' tag='905'><subfield code='a'>20000406120000.0</subfield></datafield><datafield ind1='2' ind2=' ' tag='948'><subfield code='a'>20141221</subfield><subfield code='b'>m</subfield><subfield code='d'>batch</subfield><subfield code='e'>lts</subfield><subfield code='x'>addfast</subfield></datafield></record>